<?xml version="1.0" encoding="UTF-8"?><collection xmlns="http://www.loc.gov/MARC21/slim"><record><leader>00381nam--2200133-i-4500</leader><controlfield tag="001">000045791</controlfield><controlfield tag="002">20161230</controlfield><controlfield tag="005">20161230201045</controlfield><controlfield tag="008">060222s1000------------r-----000-0-eng-d</controlfield><datafield ind1=" " ind2=" " tag="080"><subfield code="a">629.19</subfield></datafield><datafield ind1=" " ind2=" " tag="100"><subfield code="a">Vaeth, Gordon J</subfield></datafield><datafield ind1=" " ind2=" " tag="245"><subfield code="a">100 miles up. the quest of the upper air 2-nd edition. revised printing</subfield></datafield><datafield ind1=" " ind2=" " tag="260"><subfield code="a">New York, Ronald Press, 1956, Xiv+261p.Cu Fig.+1pl</subfield></datafield><datafield ind1=" " ind2=" " tag="852"><subfield code="a">12064</subfield></datafield></record></collection>